@article{Lejano2006,
	author	=	"Raul Lejano",
	title	=	"Optimizing the layout and design of branched pipeline water distribution systems",
	journal	=	"Irrigation and Drainage Systems",
	doi     =   {10.1007/s10795-006-3140-4},
	volume  =   {20},
    number  =   {1},
    pages   =   {125-137},
	year	=	"2006",
	month   =   "February"
};

@article{Alperovits1977,
	author	=	"E. Alperovits and U. Shamir",
	title	=	"Design of Optimal Water Distribution Systems",
	journal	=	"Water Resources Research",
	volume  =   13,
	number  =   6,
	year	=	"1977",
	month   =   "December"
};

@article{Li2015,
    author	=	"Fangfang Li and Quiang Liu and Xiu Guo and Jun Xiao",
	title	=	"A Survey of Optimization Method for Oil-gas Pipeline Network Layout",
	journal	=	"International Conference on Mechatronics, Electronic, Industrial and Control Engineering",
	year	=	"2015",
	month   =   "April"
};

@article{Lee1984,
    author  = "Moon Kyu Lee",
    title   = "Optimal Design of Branched Pipe Network with Multiple Sources",
    journal = "Journal of the Korean Institute of Industrial Engineers",
    volume  = 10,
    number  = 2,
    year    = "1984",
    month   = "December"
};

@article{Goncalves2000,
    author  = "Graca Marques Goncalves and Margarida Vaz Pato",
    title   = "A three-phase procedure for designing an irrigation system's water distribution network",
    journal = "Annals of Operations Research",
    doi     = {10.1023/A:1018989721586},
    volume  = {94},
    pages   = {163-179},
    year    = "2000"
};

@article{Brazil2014,
    title   = "On the history of the Euclidean Steiner tree problem",
    author  = "Marcus Brazil and Ronald L. Graham and Doreen A. Thomas and Martin Zachariasen",
    year    = "2014",
    doi     = "10.1007/s00407-013-0127-z",
    volume  = "68",
    number  = "3",
    pages   = "327--354",
    journal = "Archive for History of Exact Sciences",
    issn    = "0003-9519"
};

@article{Vasan2010,
    author  = "A. Vasan and S. Simonovic",
    title   = "Optimization of Water Distribution Network Design Using Differential Evolution",
    journal = "Journal of Water Resources Planning and Management",
    volume  = 136,
    number  = 2,
    year    = "2010",
    month   = "March",
    day     = 1
};

@article{Maier2003,
    author  = "Holger Maier and Angus Simpson and Aaron Zecchin and Wai Kuan Foong and Kuang Yeow Phang and Hsin Yeow Seah and Chan Lim Tan",
    title   = "Ant Colony Optimization for Design of Water Distribution Systems",
    journal = "Journal of Water Resources Planning and Management",
    volume  = 129,
    number  = 3,
    year    = "2003"
};

@article{Cunha1999,
    author  = "Maria da Conceicao Cunha and Joaquim Sousa",
    title   = "Water Distribution Network Design Optimization: Simulated Annealing Approach",
    journal = "Journal of Water Resources Planning and Management",
    volume  = 125,
    number  = 4,
    year    = "1999"
};

@article{Eusuff2003,
    author  = "Muzaffar Eusuff and Kevin Lansey",
    title   = "Optimization of Water Distribution Network Design Using the Shuffled Frog Leaping Algorithm",
    journal = "Journal of Water Resources Planning and Management",
    volume  = 129,
    number  = 3,
    year    = "2003"
};

@misc{Goldman2005,
    author  = "Fred E. Goldman and Larry W. Mays",
    title   = "Chapter 5 Water distribution system operation: application of simulated annealing; Water resources systems management",
    year    = "2005"
};

@article{Prodon2010,
    author  = "Alain Prodon and Scott DeNegre and Thomas Liebling",
    title   = "Locating leak detecting sensors in a water distribution network by solving prize-collecting Steiner arborescence problems",
    journal = "Mathematical Programming",
    doi     = {10.1007/s10107-010-0368-4},
    volume  = {124},
    pages   = {119-141},
    year    = "2010"
};

@misc{Juhl2014,
    title   = "The GeoSteiner Software Package for Computing Steiner Trees in the Plane: An Updated Computational Study",
    author  = "Daniel Juhl and David M. Warme and Pawel Winter and Martin Zachariasen",
    year    = "2014",
};

@article{Kirkpatrick1983,
    author  = "S. Kirkpatrick and C.D. Gelatt and M.P. Vecchi",
    title   = "Optimization by Simulated Annealing",
    journal = "Science",
    volume  = {220},
    number  = {4598},
    pages   = {671--680},
    year    = "1983"
};

@article{Cerny1985,
    author  = "V. Cerny",
    title   = "Thermodynamical Approach to the Travelling Salesman Problem: An Efficient Simulation Algorithm",
    journal = "Journal of Optimization Theory and Applications",
    volume  = {45},
    number  = {1},
    pages   = {41--51},
    year    = "1985"
};